%% This BibTeX bibliography file was created using BibDesk.
%% http://bibdesk.sourceforge.net/


%% Created for Flavius Gruian at 2013-02-14 14:42:05 +0100 


%% Saved with string encoding Unicode (UTF-8) 



@misc{OGSW,
	Author = {{Commonwealth Forestry Association}},
	Date-Added = {2013-02-14 13:39:22 +0000},
	Date-Modified = {2013-02-14 13:42:01 +0000},
	Note = {http://www.cfa-international.org/ONGSWfinish.html},
	Title = {On-line Guide to Scientific Writing}}

@misc{subjectverb,
	Author = {{yourdictionary.com}},
	Date-Added = {2013-02-12 12:37:47 +0000},
	Date-Modified = {2013-02-12 12:39:25 +0000},
	Note = {\url{http://grammar.yourdictionary.com/sentences/20-Rules-of-subject-verb-agreement.html}},
	Title = {20 Rules of Subject Verb Agreement}}

@misc{yalesentences,
	Author = {{Yale Graduate Writing Center}},
	Date-Added = {2013-02-12 12:12:48 +0000},
	Date-Modified = {2013-02-12 12:14:29 +0000},
	Note = {\url{http://www.yale.edu/graduateschool/writing/forms/The%20Most%20Common%20Sentence%20Structure%20Problems.pdf}},
	Title = {The Most Common Sentence Structure Problems}}

@misc{shortstyleguide,
	Author = {University of Washington},
	Date-Added = {2013-02-12 11:53:07 +0000},
	Date-Modified = {2013-02-12 11:54:50 +0000},
	Note = {\url{http://www.psych.uw.edu/writingcenter/writingguides/pdf/style.pdf}},
	Title = {Style Points for Scientific Writing}}

@book{few2012show,
	Author = {Few, S.},
	Date-Added = {2013-02-11 18:23:27 +0000},
	Date-Modified = {2013-02-11 18:23:27 +0000},
	Isbn = {9780970601971},
	Publisher = {Analytics Press},
	Title = {Show Me the Numbers: Designing Tables and Graphs to Enlighten},
	Url = {http://books.google.se/books?id=1xiHLgEACAAJ},
	Year = {2012},
	Bdsk-Url-1 = {http://books.google.se/books?id=1xiHLgEACAAJ}}

@book{heffernan2000writing,
	Author = {Heffernan, J.A.W. and Lincoln, J.E. and Atwill, J.},
	Date-Added = {2013-02-11 18:20:07 +0000},
	Date-Modified = {2013-02-11 18:20:07 +0000},
	Isbn = {9780393974263},
	Lccn = {00058242},
	Publisher = {W.W. Norton},
	Title = {Writing: A College Handbook},
	Url = {http://books.google.se/books?id=4ZI2HAAACAAJ},
	Year = {2000},
	Bdsk-Url-1 = {http://books.google.se/books?id=4ZI2HAAACAAJ}}

@misc{CTAN,
	Author = {CTAN},
	Date-Added = {2013-02-11 16:17:41 +0000},
	Date-Modified = {2013-02-11 16:33:03 +0000},
	Lastchecked = {February 11, 2013},
	Note = {\url{http://www.ctan.org}},
	Title = {Comprehensive TeX Archive Network},
	Bdsk-Url-1 = {http://www.ctan.org}}

@misc{fontspec,
	Author = {Will Robertson and Khaled Hosny},
	Date-Added = {2013-02-11 16:11:24 +0000},
	Date-Modified = {2013-02-11 16:30:26 +0000},
	Keywords = {latex, fontspec},
	Lastchecked = {February 11, 2013},
	Month = {May},
	Note = {\url{http://ctan.uib.no/macros/latex/contrib/fontspec/fontspec.pdf}},
	Title = {The fontspec package},
	Urldate = {February 11, 2013},
	Year = {2012},
	Bdsk-Url-1 = {http://ctan.uib.no/macros/latex/contrib/fontspec/fontspec.pdf}}

@book{goossens93,
	Address = {Reading, Massachusetts},
	Author = {Michel Goossens and Frank Mittelbach and Alexander Samarin},
	Date-Added = {2013-02-11 13:58:46 +0000},
	Date-Modified = {2013-02-11 13:58:46 +0000},
	Publisher = {Addison-Wesley},
	Title = {The LaTeX Companion},
	Year = {1993}}

@book{Tufte:1986,
	Address = {Cheshire, CT, USA},
	Author = {Tufte, Edward R.},
	Date-Added = {2013-02-11 13:52:27 +0000},
	Date-Modified = {2013-02-11 13:52:38 +0000},
	Isbn = {0-9613921-0-X},
	Publisher = {Graphics Press},
	Title = {The visual display of quantitative information},
	Year = {1986}}

@article{gavin2002brief,
	Author = {Gavin, H.P.},
	Date-Added = {2013-02-11 13:12:46 +0000},
	Date-Modified = {2013-02-11 13:12:46 +0000},
	Title = {A brief LATEX tutorial.},
	Year = {2002}}
